% This file was created with Citavi 6.14.0.281

@book{Goodfellow.2016,
 author = {Goodfellow, Ian and Bengio, Yoshua and Courville, Aaron},
 year = {2016},
 title = {Deep learning},
 publisher = {{The MIT Press}},
 isbn = {9780262035613},
 language = {eng},
 location = {Cambridge, Massachusetts and London, England},
 series = {Adaptive computation and machine learning},
 abstract = {},
 pagetotal = {xxii, 775},
 note = {Goodfellow, Ian (VerfasserIn)

Bengio, Yoshua (VerfasserIn)

Courville, Aaron (VerfasserIn)},
 organization = {{MIT Press}}
}


@article{Maaten.2009,
 author = {{van der Maaten}, Laurens and Postma, Eric and {van den Herik}, Jaap},
 year = {2009},
 title = {Dimensionality Reduction: A comparative review},
 url = {https://lvdmaaten.github.io/publications/papers/TR_Dimensionality_Reduction_Review_2009.pdf},
 abstract = {},
 pagetotal = {36},
}


@article{Maaten.2008,
 author = {{van der Maaten}, Laurens and Hinton, Goeffrey},
 year = {2008},
 title = {Visualizing Data using t-SNE},
 url = {https://lvdmaaten.github.io/publications/papers/JMLR_2008.pdf},
 abstract = {},
 pagetotal = {27},
}


